@book{raymond_art_2003,
    title={The Art of Unix Programming},
    author={Eric S. Raymond},
    isbn={9780131429017},
    series={Addison-Wesley Professional Computing Series},
    year={2003},
    publisher={Pearson Education, Inc},
    keywords = {unix},
    url = {http://catb.org/~esr/writings/taoup/},
    urldate = {2020-01-19}
}

@misc{westes_flex_2001,
    author={Will Estes},
    title={Flex: The Fast Lexical Analyzer Generator},
    year=2016,
    url = {https://github.com/westes/flex},
    urldate = {2020-01-19},
}

@misc{gnu_bison_2019,
    author=GNU,
    title={{GNU} Bison},
    year=2006,
    url = {https://www.gnu.org/software/bison/},
    urldate = {2020-01-19},
}

@misc{verburg_flex_2018,
    author={Chris {verBurg}},
    title={Flex and Bison},
    year=2018,
    url = {https://aquamentus.com/flex_bison.html},
    urldate = {2020-01-19},
}

@misc{kitware_cmake_2019,
    author={Kitware},
    title={CMake},
    year=2019,
    url = {https://cmake.org},
    urldate = {2020-01-19},
}

